<record><leader>00000cas a2200000 a 4500</leader><controlfield tag="001">9974438</controlfield><controlfield tag="008">831003d18441851miuwr ne      0    0eng  </controlfield><datafield ind1=" " ind2=" " tag="010"><subfield code="a">sn 83016671 </subfield></datafield><datafield ind1=" " ind2=" " tag="040"><subfield code="a">DLC</subfield><subfield code="b">eng</subfield><subfield code="c">DLC</subfield><subfield code="d">NPX</subfield><subfield code="d">MHN</subfield><subfield code="d">OCL</subfield><subfield code="d">NYS</subfield><subfield code="d">OCL</subfield><subfield code="d">KRTAS</subfield><subfield code="d">OCLCQ</subfield><subfield code="d">OCLCO</subfield><subfield code="d">OCLCF</subfield></datafield><datafield ind1="1" ind2=" " tag="029"><subfield code="a">AU@</subfield><subfield code="b">000003026911</subfield></datafield><datafield ind1=" " ind2=" " tag="042"><subfield code="a">pcc</subfield></datafield><datafield ind1=" " ind2=" " tag="043"><subfield code="a">n-us-mi</subfield></datafield><datafield ind1="0" ind2="0" tag="050"><subfield code="a">Newspaper 8401-X</subfield></datafield><datafield ind1="0" ind2=" " tag="130"><subfield code="a">Grand River eagle (Grand Rapids, Mich. : 1844)</subfield></datafield><datafield ind1="1" ind2="0" tag="245"><subfield code="a">Grand River eagle.</subfield></datafield><datafield ind1=" " ind2=" " tag="260"><subfield code="a">Grand Rapids, Mich. :</subfield><subfield code="b">A.B. Turner</subfield></datafield><datafield ind1=" " ind2=" " tag="300"><subfield code="a">v. ;</subfield><subfield code="c">68 cm.</subfield></datafield><datafield ind1=" " ind2=" " tag="310"><subfield code="a">Weekly</subfield></datafield><datafield ind1="1" ind2=" " tag="362"><subfield code="a">Began with Dec. 25, 1844 issues.</subfield><subfield code="z">Cf. McMurtrie, d. C. Early print. in Mich.</subfield></datafield><datafield ind1="0" ind2=" " tag="362"><subfield code="a">-v. 4, no. 24 (Mar. 9, 1849) = whole no. 180 ; new ser., no. 1 (June 8, 1849) = whole no. 181-new ser. 108 (Oct. 21, 1851) = whole no. 187.</subfield></datafield><datafield ind1=" " ind2=" " tag="500"><subfield code="a">Whig. Cf. McMurtrie, D.C. Early print. in Mich.</subfield></datafield><datafield ind1=" " ind2=" " tag="515"><subfield code="a">Suspended Mar. 9-June 8, 1849. Cf. Gregory, W. Amer. newspapers.</subfield></datafield><datafield ind1=" " ind2=" " tag="515"><subfield code="a">Issues also called: &lt;Vol. 2, no. 45 (May 26, 1847) = whole no. 97&gt;-v. 4, no. 24 (Mar. 9, 1849) = whole no. 180 ; new series, no. 1 (June 8, 1849) = whole no. 181-new ser. 108 (Oct. 21, 1851) = whole no. 287.</subfield></datafield><datafield ind1=" " ind2=" " tag="588"><subfield code="a">Description based on: Mar. 12, 1845.</subfield></datafield><datafield ind1=" " ind2="0" tag="651"><subfield code="a">Grand Rapids (Mich.)</subfield><subfield code="v">Newspapers.</subfield></datafield><datafield ind1=" " ind2="0" tag="651"><subfield code="a">Kent County (Mich.)</subfield><subfield code="v">Newspapers.</subfield></datafield><datafield ind1=" " ind2="7" tag="655"><subfield code="a">Newspapers.</subfield><subfield code="2">fast</subfield><subfield code="0">(OCoLC)fst01423814</subfield></datafield><datafield ind1=" " ind2="7" tag="651"><subfield code="a">Michigan</subfield><subfield code="z">Grand Rapids.</subfield><subfield code="2">fast</subfield><subfield code="0">(OCoLC)fst01206920</subfield></datafield><datafield ind1=" " ind2="7" tag="651"><subfield code="a">Michigan</subfield><subfield code="z">Kent County.</subfield><subfield code="2">fast</subfield><subfield code="0">(OCoLC)fst01202912</subfield></datafield><datafield ind1=" " ind2=" " tag="752"><subfield code="a">United States</subfield><subfield code="b">Michigan</subfield><subfield code="c">Kent</subfield><subfield code="d">Grand Rapids.</subfield></datafield><datafield ind1="0" ind2="0" tag="785"><subfield code="t">Grand Rapids weekly eagle</subfield><subfield code="w">(DLC)sn 88086133</subfield><subfield code="w">(OCoLC)17770653</subfield></datafield><datafield ind1=" " ind2=" " tag="938"><subfield code="a">Kirtas Technologies, Inc.</subfield><subfield code="b">KRTS</subfield><subfield code="n">737516</subfield></datafield></record>